Plačiau apie šaltinių tipus ir jų atributus:
http://mirror.datacenter.by/pub/mirrors/CTAN/macros/latex/contrib/biblatex/doc/biblatex.pdf#subsection.2.1

@article{PvzStraipsnLt,
    author={A. Pavardenis and B. Pavardonis and C. Pavardauskas},
    title={Straipsnio pavadinimas},
    journal={Žurnalo pavadinimas},
    year={2001},
    volume={IV},
    pages={8-17},
} 

@article{PvzStraipsnEn,
    author={A. Surname and B. Tsurname and C. Usurname},
    title={Article Title},
    journal={Journal Title},
    year={2001},
    volume={IV},
    pages={3-15},
    langid={english},
} 

@inproceedings{PvzKonfLt,
    author={A. Pavardenis and B. Pavardonis and C. Pavardauskas and D. Pavardinskas},
    title={Straipsnio pavadinimas},
    booktitle={Rinkinio pavadinimas},
    year={2002},
    publisher={Leidykla},
    address={Miestas, šalis},
    pages={3-15},
}

@inproceedings{PvzKonfEn,
    author={A. Surname and B. Tsurname and C. Usurname and D. Vsurname},
    title={Article title},
    booktitle={Conference book title},
    year={2002},
    publisher={Publisher},
    address={City, country},
    pages={3-15},
    langid={english},
}

@book{PvzKnygLt,  
    author={A. Pavardenis and B. Pavardonis and C. Pavardauskas},
    title={Knygos pavadinimas},
    publisher={Leidykla},
    year={2003},
    address={Miestas, šalis},
    note={172 psl.},
}

@book{PvzKnygEn,  
    author={A. Surname and B. Tsurname and C. Usurname},
    title={Book title},
    publisher={Publisher},
    year={2003},
    address={City, country},
    note={172 p.},
    langid={english},
}

@misc{PvzElPubLt,
    author={A. Pavardenis and B. Pavardonis and C. Pavardauskas},
    title={Elektroninės publikacijos pavadinimas},
    howpublished={\url{http://example.com/kelias/iki/straipsnio.pdf}},
    year={2004}, 
    note={45 KB, tikrinta 2015-02-01},
}

@misc{PvzElPubEn,
    author={A. Surname and B. Tsurname and C. Usurname},
    title={Online Publication Title},
    howpublished={\url{http://example.com/path/to/the/article.pdf}},
    year={2004}, 
    note={45 KB, accessed 2015-02-01.},
    langid={english},
}

@mastersthesis{PvzMagistrLt,
    author={A. Pavardonis},
    title={Magistrinio darbo pavadinimas},
    school={Universiteto pavadinimas},
    year={2005},
}

@phdthesis{PvzPhdEn,
    author={A. Surname},
    title={Ttitle fo PhD thesis},
    school={Title of university},
    year={2005},
    langid={english},
}

@misc{JWT,
    author={Siddhartha Chowdhury},
    title={JSON Web Token (JWT) — The right way of implementing, with Node.js},
    howpublished={\url{https://siddharthac6.medium.com/json-web-token-jwt-the-right-way-of-implementing-with-node-js-65b8915d550e}},
    year={2018}, 
}

@misc{IOTWiki,
    author={Shared Knowledge Base},
    title={JSON Web Token (JWT) — The right way of implementing, with Node.js},
    howpublished={\url{https://lt.nomuwiki.com/104673-internet-of-things-WMHYJU}},
    year={2021}, 
}

@misc{AngularRectiveForms,
    author={Angular Documentation},
    title={Angular Reactive Forms},
    howpublished={\url{https://angular.io/guide/reactive-forms}},
    year={2021}, 
}

@misc{Technologijos,
    author={Jonas Bunevičius},
    title={Kas tai yra daiktų internetas IoT ir ką reikia žinoti norint juo saugiai naudotis},
    howpublished={\url{http://www.technologijos.lt/n/technologijos/it/S-67862/straipsnis/Kas-tai-yra-daiktu-internetas-IoT-ir-ka-reikia-zinoti-norint-juo-saugiai-naudotis}},
    year={2018}, 
}

@misc{NODEJSDB,
    author={Walter Kuppens},
    title={Connecting to PostgreSQL with Node.js},
    howpublished={\url{https://www.thisdot.co/blog/connecting-to-postgresql-with-node-js}},
    year={2019}, 
}

@misc{MONGODB,
    author={Hema Krishnan, M.Sudheep Elayidom, T. Santhanakrishnan},
    title={MongoDB – a comparison with NoSQL databases},
    howpublished={\url{https://www.researchgate.net/publication/327120267_MongoDB_-_a_comparison_with_NoSQL_databases}},
    year={2016}, 
}

@misc{IOTV,
    author={KavitaKhannac, Jyoti Sahnib, Rishika Mehtaa},
    title={Internet of Things: Vision, Applications and Challenges},
    howpublished={\url{https://www.sciencedirect.com/science/article/pii/S1877050918307749}},
    year={2018}, 
}

@misc{JOBD,
    author={Nadeem Qaisar Mehmood, Rosario Culmone, Leonardo Mostarda},
    title={Modeling temporal aspects of sensor data for MongoDB NoSQL database},
    howpublished={Journal of Big Data},
    year={2017}, 
}

@misc{IOTR,
    author={Mikhail Zymbler, Prayag Tiwari, Sachin Kumar},
    title={Internet of Things is a revolutionary approach for future technology enhancement: a review},
    howpublished={\url{https://journalofbigdata.springeropen.com/articles/10.1186/s40537-019-0268-2}},
    year={2019}, 
}